@manual{ap46,
title = {Versuchsanleitung zu Versuch Nr. 46 Der Faraday-Effekt},
year = 2023,
organization = {Fakultät Physik, TU Dortmund},
}

@manual{Demtröder,
title=  {Experimentalphysik 3},
author= {Wolfgang Demtröder},
year =2015

}@online{BandstructureGaAs,
url= {https://iue.tuwien.ac.at/phd/koepf/img57.gif},
urldate = {2024-05-13}, 
}